@inproceedings{nicolas:hal-01655438,
  TITLE = {{MUTE: A Peer-to-Peer Web-based Real-time Collaborative Editor}},
  AUTHOR = {Nicolas, Matthieu and Elvinger, VIctorien and Oster, G{\'e}rald and Ignat, Claudia-Lavinia and Charoy, Fran{\c c}ois},
  URL = {https://hal.inria.fr/hal-01655438},
  BOOKTITLE = {{ECSCW 2017 - 15th European Conference on Computer-Supported Cooperative Work}},
  ADDRESS = {Sheffield, United Kingdom},
  PUBLISHER = {{EUSSET}},
  SERIES = {Proceedings of 15th European Conference on Computer-Supported Cooperative Work - Panels, Posters and Demos},
  VOLUME = {1},
  NUMBER = {3},
  PAGES = {1-4},
  YEAR = {2017},
  MONTH = Aug,
  DOI = {10.18420/ecscw2017\_p5},
  PDF = {https://hal.inria.fr/hal-01655438/file/Nicolasetal2017.pdf},
  HAL_ID = {hal-01655438},
  HAL_VERSION = {v1},
}

@inproceedings{nicolas:hal-01932552,
  TITLE = {{Efficient renaming in CRDTs}},
  AUTHOR = {Nicolas, Matthieu},
  URL = {https://hal.inria.fr/hal-01932552},
  BOOKTITLE = {{Middleware 2018 - 19th ACM/IFIP International Middleware Conference (Doctoral Symposium)}},
  ADDRESS = {Rennes, France},
  YEAR = {2018},
  MONTH = Dec,
  PDF = {https://hal.inria.fr/hal-01932552/file/position-paper.pdf},
  HAL_ID = {hal-01932552},
  HAL_VERSION = {v1},
}

@inproceedings{nicolas:hal-02526724,
  TITLE = {{Efficient Renaming in Sequence CRDTs}},
  AUTHOR = {Nicolas, Matthieu and Oster, G{\'e}rald and Perrin, Olivier},
  URL = {https://hal.inria.fr/hal-02526724},
  BOOKTITLE = {{7th Workshop on Principles and Practice of Consistency for Distributed Data (PaPoC'20)}},
  ADDRESS = {Heraklion, Greece},
  YEAR = {2020},
  MONTH = Apr,
  KEYWORDS = {eventual consistency ; real-time collaborative editing ; CRDTs ; memory-wise optimisation ; performance},
  PDF = {https://hal.inria.fr/hal-02526724/file/main.pdf},
  HAL_ID = {hal-02526724},
  HAL_VERSION = {v1},
}

@article{2022-rls-tpds-nicolas,
  TITLE = {{Efficient Renaming in Sequence CRDTs}},
  AUTHOR = {Nicolas, Matthieu and Oster, Gerald and Perrin, Olivier},
  URL = {https://hal.inria.fr/hal-03772633},
  JOURNAL = {{IEEE Transactions on Parallel and Distributed Systems}},
  PUBLISHER = {{Institute of Electrical and Electronics Engineers}},
  VOLUME = {33},
  NUMBER = {12},
  PAGES = {3870-3885},
  YEAR = {2022},
  MONTH = Dec,
  DOI = {10.1109/TPDS.2022.3172570},
  KEYWORDS = {CRDTs ; Replication ; Real-time collaborative editing ; Eventual consistency ; memory-wise optimisation ; performance},
  PDF = {https://hal.inria.fr/hal-03772633/file/main.pdf},
  HAL_ID = {hal-03772633},
  HAL_VERSION = {v1},
}
